@book{osphysics,
  author    = {William Moebs and Samuel J. Ling and Jeff Sanny and others},
  title     = {University Physics, Volume 1},
  year      = {2023},
  publisher = {OpenStax},
  isbn      = {978-1-947172-20-3},
  url       = {https://openstax.org/details/books/university-physics-volume-1},
}
@article{article1,
author = {Aerts and Diederik and Beltran and Lester},
year = {2020},
month = {09},
pages = {},
title = {Quantum Structure in Cognition: Human Language as a Boson Gas of Entangled Words},
volume = {25},
journal = {Foundations of Science},
doi = {10.1007/s10699-019-09633-4}
}
@BOOK{YF,
  title     = {University physics with modern physics, global edition},
  author    = {Young, Hugh and Freedman, Roger A},
  publisher = {Pearson Education},
  edition   =  {15},
  year      =  {2019},
  address   = {London, England}
}
@misc{chemix,
  author = {Chemix.com},
	publisher = {{Codelite Ltd.}},
	title = {{C}hemix - {D}raw {L}ab {D}iagrams. {S}imply. --- chemix.org},
	howpublished = {\url{https://chemix.org}},
	year = {2007}
}